<record><leader>00000cas a22000007a 4500</leader><controlfield tag="001">12444313</controlfield><controlfield tag="008">850830d19141931mtuwr ne      0    0eng d</controlfield><datafield ind1=" " ind2=" " tag="010"><subfield code="a">sn 85053247 </subfield></datafield><datafield ind1=" " ind2=" " tag="040"><subfield code="a">MTL</subfield><subfield code="b">eng</subfield><subfield code="c">MTL</subfield><subfield code="d">OCLCQ</subfield></datafield><datafield ind1=" " ind2=" " tag="042"><subfield code="a">msc</subfield></datafield><datafield ind1="0" ind2="0" tag="245"><subfield code="a">Plevna herald.</subfield></datafield><datafield ind1=" " ind2=" " tag="260"><subfield code="a">Plevna, Mont. :</subfield><subfield code="b">G.J. Buergi,</subfield><subfield code="c">-1931.</subfield></datafield><datafield ind1=" " ind2=" " tag="300"><subfield code="a">17 v. :</subfield><subfield code="b">ill. ;</subfield><subfield code="c">55 cm.</subfield></datafield><datafield ind1=" " ind2=" " tag="310"><subfield code="a">Weekly</subfield></datafield><datafield ind1="0" ind2=" " tag="362"><subfield code="a">-v. 17, no. 21 (Aug. 7, 1931).</subfield></datafield><datafield ind1="1" ind2=" " tag="362"><subfield code="a">Began in 1914.</subfield><subfield code="z">Cf. Gregory, W. Amer. newspapers.</subfield></datafield><datafield ind1=" " ind2=" " tag="588"><subfield code="a">Description based on: Vol. 8, no. 37 (Jan. 13, 1922).</subfield></datafield><datafield ind1=" " ind2=" " tag="752"><subfield code="a">United States</subfield><subfield code="b">Montana</subfield><subfield code="c">Fallon</subfield><subfield code="d">Plevna.</subfield></datafield><datafield ind1="0" ind2="4" tag="785"><subfield code="t">Fallon County times</subfield><subfield code="g">Aug. 13, 1931</subfield><subfield code="w">(DLC)sn 84036037</subfield></datafield></record>